<record><leader>00000cas a2200000 a 4500</leader><controlfield tag="001">25576756</controlfield><controlfield tag="008">920402d18791879iluwr ne      0   a0eng c</controlfield><datafield ind1=" " ind2=" " tag="010"><subfield code="a">sn 92054520 </subfield></datafield><datafield ind1=" " ind2=" " tag="040"><subfield code="a">NVF</subfield><subfield code="b">eng</subfield><subfield code="c">NVF</subfield><subfield code="d">OCLCQ</subfield><subfield code="d">NVF</subfield><subfield code="d">OCLCO</subfield><subfield code="d">OCLCF</subfield></datafield><datafield ind1=" " ind2=" " tag="042"><subfield code="a">pcc</subfield></datafield><datafield ind1=" " ind2=" " tag="043"><subfield code="a">n-us-il</subfield></datafield><datafield ind1="0" ind2=" " tag="130"><subfield code="a">Elmwood gazette (Elmwood, Ill. : 1879)</subfield></datafield><datafield ind1="1" ind2="4" tag="245"><subfield code="a">The Elmwood gazette.</subfield></datafield><datafield ind1=" " ind2=" " tag="260"><subfield code="a">Elmwood, Peoria County, Ill. :</subfield><subfield code="b">Robert H. Miller,</subfield><subfield code="c">1879.</subfield></datafield><datafield ind1=" " ind2=" " tag="300"><subfield code="a">v.</subfield></datafield><datafield ind1=" " ind2=" " tag="310"><subfield code="a">Weekly</subfield></datafield><datafield ind1="0" ind2=" " tag="362"><subfield code="a">Vol. 4, no. 37 (July 10, 1879)-v. 5, no. 5 (Nov. 27, 1879).</subfield></datafield><datafield ind1=" " ind2="0" tag="651"><subfield code="a">Elmwood (Ill.)</subfield><subfield code="v">Newspapers.</subfield></datafield><datafield ind1=" " ind2="7" tag="655"><subfield code="a">Newspapers.</subfield><subfield code="2">fast</subfield><subfield code="0">(OCoLC)fst01423814</subfield></datafield><datafield ind1=" " ind2="7" tag="651"><subfield code="a">Illinois</subfield><subfield code="z">Elmwood.</subfield><subfield code="2">fast</subfield><subfield code="0">(OCoLC)fst01883800</subfield></datafield><datafield ind1=" " ind2=" " tag="752"><subfield code="a">United States</subfield><subfield code="b">Illinois</subfield><subfield code="c">Peoria</subfield><subfield code="d">Elmwood.</subfield></datafield><datafield ind1="0" ind2="0" tag="780"><subfield code="t">Brimfield gazette</subfield><subfield code="w">(DLC)sn 92054510</subfield><subfield code="w">(OCoLC)25499820</subfield></datafield><datafield ind1="0" ind2="0" tag="785"><subfield code="t">Elmwood semi-weekly gazette</subfield><subfield code="w">(DLC)sn 92054521</subfield><subfield code="w">(OCoLC)25576821</subfield></datafield></record>